
@misc{hmd,
    author = {{Human Mortality Database}},
    title = "Human {M}ortality {D}atabase. {U}niversity of {C}alifornia, {B}erkeley ({USA}), and {M}ax {P}lanck {I}nstitute for {D}emographic {R}esearch ({G}ermany)",
    year = "2017",
    url = "\url{www.mortality.org}",
    note = "[Online; accessed 13-September-2017]"
}
